<record xmlns="http://www.loc.gov/MARC21/slim" xmlns:xsi="http://www.w3.org/2001/XMLSchema-instance" xsi:schemaLocation="http://www.loc.gov/MARC21/slim http://www.loc.gov/standards/marcxml/schema/MARC21slim.xsd"><leader>     nam a22        4500</leader><controlfield tag="001">1882579</controlfield><controlfield tag="003">NIC</controlfield><controlfield tag="006">m        d        </controlfield><controlfield tag="007">cr cn |||m|||a</controlfield><controlfield tag="008">150316q19801986ir      o     000 0 ara d</controlfield><datafield ind1=" " ind2=" " tag="040"><subfield code="a">NNU</subfield><subfield code="b">eng</subfield><subfield code="e">rda</subfield><subfield code="c">NNU</subfield></datafield><datafield ind1=" " ind2="4" tag="050"><subfield code="a">BP130.4</subfield><subfield code="b">.R32 1980</subfield></datafield><datafield ind1="1" ind2=" " tag="100"><subfield code="a">Ra&#772;zi&#772;, Fakhr al-Di&#772;n Muh&#803;ammad ibn &#699;Umar,</subfield><subfield code="d">1149 or 1150-1210.</subfield></datafield><datafield ind1="1" ind2="3" tag="245"><subfield code="a">al-Tafsi&#772;r al-kabi&#772;r /</subfield><subfield code="c">li-al-Fakhr al-Ra&#772;zi&#772;.</subfield></datafield><datafield ind1="3" ind2=" " tag="246"><subfield code="a">Mafa&#772;ti&#772;h&#803; al-ghayb</subfield></datafield><datafield ind1=" " ind2=" " tag="250"><subfield code="a">al-Tab&#699;ah 3.</subfield></datafield><datafield ind1=" " ind2=" " tag="260"><subfield code="a">[Tehran] :</subfield><subfield code="b">[Shirkat S&#803;ah&#803;a&#772;fi&#772; Nawi&#772;n],</subfield><subfield code="c">[1980?]</subfield></datafield><datafield ind1=" " ind2=" " tag="300"><subfield code="a">online resource (32 volumes in 16)</subfield></datafield><datafield ind1=" " ind2=" " tag="336"><subfield code="a">text</subfield><subfield code="2">rdacontent</subfield></datafield><datafield ind1=" " ind2=" " tag="337"><subfield code="a">computer</subfield><subfield code="2">rdamedia</subfield></datafield><datafield ind1=" " ind2=" " tag="338"><subfield code="a">online resource</subfield><subfield code="2">rdacarrier</subfield></datafield><datafield ind1=" " ind2=" " tag="500"><subfield code="a">Known also by title: Mafa&#772;ti&#772;h&#803; al-Ghayb.</subfield></datafield><datafield ind1=" " ind2=" " tag="500"><subfield code="a">Part of the Arabic Collections Online (ACO) project, contributed by Cornell University Libraries.</subfield></datafield><datafield ind1=" " ind2=" " tag="533"><subfield code="a">Electronic reproduction.</subfield><subfield code="b">New York, N.Y. :</subfield><subfield code="c">New York University,</subfield><subfield code="d">2015.</subfield><subfield code="5">NNU</subfield></datafield><datafield ind1="0" ind2="0" tag="630"><subfield code="a">Qur&#700;an</subfield><subfield code="v">Commentaries.</subfield></datafield><datafield ind1="0" ind2="7" tag="630"><subfield code="a">Qur&#700;an.</subfield><subfield code="2">fast</subfield><subfield code="0">(OCoLC)fst01842877</subfield></datafield><datafield ind1=" " ind2="7" tag="655"><subfield code="a">Commentaries.</subfield><subfield code="2">fast</subfield><subfield code="0">(OCoLC)fst01423723</subfield></datafield><datafield ind1="2" ind2=" " tag="710"><subfield code="a">Cornell University.</subfield><subfield code="b">Libraries.</subfield></datafield><datafield ind1="0" ind2=" " tag="730"><subfield code="a">Arabic Collections Online.</subfield></datafield><datafield ind1="0" ind2="8" tag="776"><subfield code="i">Online version:</subfield><subfield code="a">Ra&#772;zi&#772;, Fakhr al-Di&#772;n Muh&#803;ammad ibn &#699;Umar, 1149 or 50-1210.</subfield><subfield code="t">Tafsi&#772;r al-kabi&#772;r.</subfield><subfield code="b">al-Tab&#699;ah 3.</subfield><subfield code="d">[Tehran : Shirkat S&#803;ah&#803;a&#772;fi&#772; Nawi&#772;n, 1980?]</subfield><subfield code="w">(OCoLC)612910741</subfield></datafield><datafield ind1="0" ind2="8" tag="776"><subfield code="i">Print version:</subfield><subfield code="a">Ra&#772;zi&#772;, Fakhr al-Di&#772;n Muh&#803;ammad ibn &#699;Umar, 1149 or 1150-1210.</subfield><subfield code="t">al-Tafsi&#772;r al-kabi&#772;r</subfield><subfield code="w">(NIC)1882579</subfield><subfield code="w">(DLC)   85931419 </subfield><subfield code="w">(OCoLC)18173805</subfield></datafield><datafield ind1="4" ind2="0" tag="856"><subfield code="u">http://hdl.handle.net/2333.1/qnk98vwv</subfield></datafield><datafield ind1=" " ind2=" " tag="959"><subfield code="a">NNU</subfield><subfield code="b">WEB</subfield><subfield code="c">GENI</subfield><subfield code="t">0</subfield><subfield code="m">Electronic access</subfield><subfield code="s">01</subfield></datafield><datafield ind1=" " ind2=" " tag="999"><subfield code="i">NIC_1882579</subfield><subfield code="o">(OCoLC)ocm18173805 </subfield><subfield code="s">cornell_aco000236:juz1-2</subfield><subfield code="s">cornell_aco000237:juz3-4</subfield><subfield code="s">cornell_aco000238:juz5-6</subfield><subfield code="s">cornell_aco000239:juz7-8</subfield><subfield code="s">cornell_aco000240:juz9-10</subfield><subfield code="s">cornell_aco000241:juz11-12</subfield><subfield code="s">cornell_aco000242:juz13-14</subfield><subfield code="s">cornell_aco000243:juz15-16</subfield><subfield code="s">cornell_aco000244:juz17-18</subfield><subfield code="s">cornell_aco000245:juz19-20</subfield><subfield code="s">cornell_aco000246:juz21-22</subfield><subfield code="s">cornell_aco000247:juz23-24</subfield><subfield code="s">cornell_aco000248:juz25-26</subfield><subfield code="s">cornell_aco000249:juz27-28</subfield><subfield code="s">cornell_aco000250:juz29-30</subfield><subfield code="s">cornell_aco000251:juz31-32</subfield><subfield code="e">(ERROR-880)</subfield></datafield></record>